%======================================================================
%	 ____  _ _     _ _                             _           
%	|  _ \(_) |   | (_)                           | |          
%	| |_) |_| |__ | |_  ___   __ _ _ __ __ _ _ __ | |__  _   _ 
%	|  _ <| | '_ \| | |/ _ \ / _` | '__/ _` | '_ \| '_ \| | | |
%	| |_) | | |_) | | | (_) | (_| | | | (_| | |_) | | | | |_| |
%	|____/|_|_.__/|_|_|\___/ \__, |_|  \__,_| .__/|_| |_|\__, |
%	                          __/ |         | |           __/ |
%	                         |___/          |_|          |___/   
%
%----------------------------------------------------------------------
% Author : Nico Holzhäuser
% Descripton : Bibliography
%======================================================================

%———————————————————————————————————————————————————————————————————————
%						declaration of books
%———————————————————————————————————————————————————————————————————————
%%%%
%%  declararion of abbreviations
%%%%
@STRING{addison		= "Addison-Wesley"}

%%%%%%%%%%%%%%%%%%%%%%%%%%%%%%%%%%%%%%%%%%%%%%%%%%%%%%%%%%%%%%%%%%%%%%%%%%%%%%%

@book{evans2004ddd,
	added-at = {2008-01-21T10:45:29.000+0100},
	author = {Evans, Eric},
	biburl = {https://www.bibsonomy.org/bibtex/2b613dcc2b969d6659bf549defb6f8dae/juve},
	interhash = {687d2fb811c16a1c446815bbfae35b8d},
	intrahash = {b613dcc2b969d6659bf549defb6f8dae},
	keywords = {ddd design domain driven dsl fluent interface},
	publisher = {Addison-Wesley},
	timestamp = {2008-01-21T10:45:29.000+0100},
	title = {Domain-Driven Design: Tackling Complexity in the Heart of Software},
	year = 2004
}

@book{gamma1994design,
	added-at = {2010-06-05T16:40:25.000+0200},
	asin = {0201633612},
	author = {Gamma, Erich and Helm, Richard and Johnson, Ralph and Vlissides, John M.},
	biburl = {https://www.bibsonomy.org/bibtex/27e3f1154ab1fbce54752a46dba7f2217/pnk},
	description = {Amazon.com: Design Patterns: Elements of Reusable Object-Oriented Software (9780201633610): Erich Gamma, Richard Helm, Ralph Johnson, John M. Vlissides: Books},
	dewey = {005.12},
	ean = {9780201633610},
	edition = 1,
	interhash = {7fe32957be97afaf4ecb38b5490d23b4},
	intrahash = {7e3f1154ab1fbce54752a46dba7f2217},
	isbn = {0201633612},
	keywords = {DBIS Design Object-Oriented Patterns SS2010 Seminar Software},
	publisher = {Addison-Wesley Professional},
	timestamp = {2010-06-05T16:40:25.000+0200},
	title = {Design Patterns: Elements of Reusable Object-Oriented Software},
	url = {http://www.amazon.com/Design-Patterns-Elements-Reusable-Object-Oriented/dp/0201633612/ref=ntt_at_ep_dpi_1},
	year = 1994
}



%%%%%%%%%%%%%%%%%%%%%%%%%%%%%%%%%%%%%%%%%%%%%%%%%%%%%%%%%%%%%%%%%%%%%%%%%%%%%%%

@thesis{projektantrag.holzhaeuser,
	author = {Nico Holzhäuser},
	title = {Projektvorschlag ASE},
	type = {Projektantrag},
	institution = {DHBW Karlsruhe},
	date = {2021-11-15}
}


%———————————————————————————————————————————————————————————————————————
%						declaration of Homepages
%———————————————————————————————————————————————————————————————————————

@online{ubiquitousLanguage.entwicklerDE,
	author = {Michael Plöd},
	title = {Qualitätssicherung},
	year = 2022,
	url = {https://entwickler.de/software-architektur/warum-ist-sprache-so-wichtig-001},
	urldate = {2022-02-21},
	urltime = {22:09}
}

@online{ubiquitousLanguage.medium,
	author = {Felipe De Freitas Batista},
	title = {Developing the ubiquitous language},
	year = 2019,
	url = {https://medium.com/@felipefreitasbatista/developing-the-ubiquitous-language-1382b720bb8c},
	urldate = {2022-02-21},
	urltime = {22:19}
}

@online{valueObjects.medium,
	author = {Paul Milian},
	title = {Value Objects to the rescue!},
	year = 2019,
	url = {https://medium.com/swlh/value-objects-to-the-rescue-28c563ad97c6},
	urldate = {2022-02-21},
	urltime = {22:29}
}

@online{domainModell.microsoft,
	author = {Nish Anil},
	title = {Entwerfen eines Microservicedomänenmodells},
	year = 2021,
	url = {https://docs.microsoft.com/de-de/dotnet/architecture/microservices/microservice-ddd-cqrs-patterns/microservice-domain-model},
	urldate = {2022-02-21},
	urltime = {22:29}
}

@online{repository.medium,
	author = {Svaťa Šimara},
	title = {Domain-Driven Design, part 5 — Repository},
	year = 2020,
	url = {https://docs.microsoft.com/de-de/dotnet/architecture/microservices/microservice-ddd-cqrs-patterns/microservice-domain-model},
	urldate = {2022-02-21},
	urltime = {22:39}
}

@online{domainService.gorodinski,
	author = {Leo Gorodinski },
	title = {Services in Domain-Driven Design (DDD)},
	year = 2012,
	url = {http://gorodinski.com/blog/2012/04/14/services-in-domain-driven-design-ddd/},
	urldate = {2022-02-21},
	urltime = {22:49}
}

@online{ddd.stemmler,
	author = {Khalil Stemmler},
	title = {Understanding Domain Entities [with Examples] - DDD w/ TypeScript},
	year = 2019,
	url = {https://khalilstemmler.com/articles/typescript-domain-driven-design/entities/},
	urldate = {2022-02-21},
	urltime = {22:49}
}

@online{cleanArchitecture.medium,
	author = {Pasindu Hewagamage},
	title = {Clean Architecture on Spring Boot},
	year = 2020,
	url = {https://medium.com/@pasinduhewagamage/clean-architecture-on-spring-boot-da3ff7bdcc7},
	urldate = {2022-02-22},
	urltime = {10:33}
}

@online{codeSmell1.sonar,
	author = {Sonar},
	title = {Unnecessary imports should be removed},
	year = 2022,
	url = {https://rules.sonarsource.com/java/RSPEC-1128},
	urldate = {2022-02-25},
	urltime = {15:59}
}

@online{codeSmell2.sonar,
	author = {Sonar},
	title = {Boxed "Boolean" should be avoided in boolean expressions},
	year = 2022,
	url = {https://rules.sonarsource.com/java/RSPEC-5411},
	urldate = {2022-02-25},
	urltime = {15:51}
}

@online{codeSmell3.sonar,
	author = {Sonar},
	title = {Functions should not be empty},
	year = 2022,
	url = {https://rules.sonarsource.com/javascript/RSPEC-1186},
	urldate = {2022-02-25},
	urltime = {16:20}
}

@online{dry.thevaluable,
	author = {Matthieu Cneude},
	title = {The DRY Principle: Benefits and Costs with Examples},
	year = 2022,
	url = {https://thevaluable.dev/dry-principle-cost-benefit-example/},
	urldate = {2022-02-25},
	urltime = {22:34}
}

@online{kohaesion.google,
	author = {Google Sites},
	title = {Kohäsion und Kopplung},
	year = 2022,
	url = {https://sites.google.com/site/koesterprogramming/home/softwareentwicklung/kohaesion-und-kopplung},
	urldate = {2022-02-25},
	urltime = {23:20}
}

@online{solid.servinc,
	author = {Harun Sevinc},
	title = {Die SOLID-Design-Prinzipien },
	year = 2022,
	url = {https://www.adesso.de/de/news/blog/die-solid-design-prinzipien.jsp},
	urldate = {2022-02-25},
	urltime = {23:20}
}

@online{cleanArchitecture.dostmann,
	author = {Mirko Dostmann},
	title = {Clean Architecture - Software für die Ewigkeit},
	year = 2022,
	url = {https://github.com/mirkobeine/vorlesung-se2-dhbw/blob/master/TINF18B4/Clean%20Architecture_2019.pdf},
	urldate = {2022-02-27},
	urltime = {21:28}
}

@online{angular.angular,
	author = {Angular},
	title = {he modern web
	developer's platform},
	year = 2022,
	url = {https://angular.io/},
	urldate = {2022-02-27},
	urltime = {22:28}
}

